<record><leader>00000cas a2200000 a 4500</leader><controlfield tag="001">10853664</controlfield><controlfield tag="008">840618d18981901vtuwr ne      0    0eng c</controlfield><datafield ind1=" " ind2=" " tag="010"><subfield code="a">sn 84023265 </subfield></datafield><datafield ind1=" " ind2=" " tag="040"><subfield code="a">AQM</subfield><subfield code="b">eng</subfield><subfield code="c">AQM</subfield><subfield code="d">NPX</subfield><subfield code="d">NPU</subfield><subfield code="d">NYS</subfield><subfield code="d">NVN</subfield><subfield code="d">OCLCQ</subfield><subfield code="d">OCLCF</subfield><subfield code="d">OCLCO</subfield></datafield><datafield ind1=" " ind2=" " tag="042"><subfield code="a">pcc</subfield></datafield><datafield ind1=" " ind2=" " tag="043"><subfield code="a">n-us-vt</subfield></datafield><datafield ind1="0" ind2=" " tag="130"><subfield code="a">Vergennes Vermonter (Vergennes, Vt. : 1898)</subfield></datafield><datafield ind1="1" ind2="4" tag="245"><subfield code="a">The Vergennes Vermonter.</subfield></datafield><datafield ind1="1" ind2="3" tag="246"><subfield code="a">Vermonter</subfield></datafield><datafield ind1=" " ind2=" " tag="260"><subfield code="a">Vergennes, Addison County, Vt. :</subfield><subfield code="b">Vermont Pub. Co.,</subfield><subfield code="c">1898-1901.</subfield></datafield><datafield ind1=" " ind2=" " tag="300"><subfield code="a">v. ;</subfield><subfield code="c">63 cm.</subfield></datafield><datafield ind1=" " ind2=" " tag="310"><subfield code="a">Weekly</subfield></datafield><datafield ind1="0" ind2=" " tag="362"><subfield code="a">Vol. 44, no. 28 (Sept. 23, 1898-new ser., v. 65, no. 17 (Sept. 6, 1901) = old ser., v. 79, no. 17.</subfield></datafield><datafield ind1=" " ind2=" " tag="500"><subfield code="a">Editors: W.G. Cambridge, &lt;1863&gt;; H.C. Johnson, &lt;1873&gt;, &lt;1876&gt;.</subfield></datafield><datafield ind1=" " ind2=" " tag="500"><subfield code="a">Publisher: H.C. Johnson, &lt;1876&gt;.</subfield></datafield><datafield ind1=" " ind2=" " tag="500"><subfield code="a">"Republican." Cf. Rowell, 1873.</subfield></datafield><datafield ind1=" " ind2=" " tag="580"><subfield code="a">Merged with: Vergennes enterprise to form: Enterprise and Vermonter.</subfield></datafield><datafield ind1=" " ind2="0" tag="651"><subfield code="a">Vergennes (Vt.)</subfield><subfield code="v">Newspapers.</subfield></datafield><datafield ind1=" " ind2="0" tag="651"><subfield code="a">Vermont</subfield><subfield code="v">Newspapers.</subfield></datafield><datafield ind1=" " ind2="7" tag="655"><subfield code="a">Newspapers.</subfield><subfield code="2">fast</subfield><subfield code="0">(OCoLC)fst01423814</subfield></datafield><datafield ind1=" " ind2="7" tag="651"><subfield code="a">Vermont.</subfield><subfield code="2">fast</subfield><subfield code="0">(OCoLC)fst01204305</subfield></datafield><datafield ind1=" " ind2="7" tag="651"><subfield code="a">Vermont</subfield><subfield code="z">Vergennes.</subfield><subfield code="2">fast</subfield><subfield code="0">(OCoLC)fst01214454</subfield></datafield><datafield ind1="1" ind2=" " tag="700"><subfield code="a">Johnson, Hiram C.</subfield></datafield><datafield ind1="1" ind2=" " tag="700"><subfield code="a">Cambridge, William G.</subfield></datafield><datafield ind1=" " ind2=" " tag="752"><subfield code="a">United States</subfield><subfield code="b">Vermont</subfield><subfield code="c">Addison</subfield><subfield code="d">Vergennes.</subfield></datafield><datafield ind1="0" ind2="0" tag="780"><subfield code="t">Vergennes Vermonter and citizen</subfield><subfield code="w">(DLC)sn 98060184</subfield><subfield code="w">(OCoLC)40132631</subfield></datafield><datafield ind1="1" ind2="7" tag="785"><subfield code="t">Vergennes enterprise</subfield><subfield code="w">(DLC)sn 98060013</subfield><subfield code="w">(OCoLC)38367434</subfield></datafield><datafield ind1="1" ind2="7" tag="785"><subfield code="t">Enterprise and Vermonter</subfield><subfield code="w">(DLC)sn 88083275</subfield><subfield code="w">(OCoLC)17468491</subfield></datafield></record>